@article{mikolov2013efficient,
	title = {Efficient estimation of word representations in vector space},
	author = {Mikolov, Tomas and Chen, Kai and Corrado, Greg and Dean, Jeffrey},
	journal = {arXiv preprint arXiv:1301.3781},
	year = {2013},
	langid = {english}
}

@inproceedings{mikolov2013distributed,
	title={Distributed representations of words and phrases and their compositionality},
	author={Mikolov, Tomas and Sutskever, Ilya and Chen, Kai and Corrado, Greg S and Dean, Jeff},
	booktitle={Advances in neural information processing systems},
	pages={3111--3119},
	year={2013},
	langid = {english}
}

@inproceedings{airbnb,
	author = {Grbovic, Mihajlo and Cheng, Haibin},
	title = {Real-time Personalization using Embeddings for Search Ranking at Airbnb},
	year = {2018},
	pages = {311-320},
	booktitle = {Proceedings of the 24th ACM SIGKDD International Conference on Knowledge Discovery and Data Mining},
	langid = {english}
}

@inproceedings{grbovic2015commerce,
  title={E-commerce in your inbox: Product recommendations at scale},
  author={Grbovic, Mihajlo and Radosavljevic, Vladan and Djuric, Nemanja and Bhamidipati, Narayan and Savla, Jaikit and Bhagwan, Varun and Sharp, Doug},
  booktitle={Proceedings of the 21th ACM SIGKDD International Conference on Knowledge Discovery and Data Mining},
  pages={1809--1818},
  year={2015},
  organization={ACM},
  langid = {english}
}

@article{ozsoy2016word,
  title={From word embeddings to item recommendation},
  author={Ozsoy, Makbule Gulcin},
  journal={arXiv preprint arXiv:1601.01356},
  year={2016},
  langid = {english}
}

@inproceedings{turian2010,
  title = {Word Representations: A Simple and General Method for Semi-Supervised Learning.},
  author = {P. Turian, Joseph and Ratinov, Lev-Arie and Bengio, Y},
  booktitle = {Proceedings of the 48th Annual Meeting of the Association for Computational Linguistics},
  year = {2010},
  pages = {384-394},
  langid = {english}
}

@article{koren2009,
  title = {Matrix Factorization Techniques for Recommender Systems},
  author = {Koren, Yehuda and Bell, Robert and Volinsky, Chris},
  journal = {Computer},
  volume = {42},
  year = {2009},
  pages = {30--37},
  url = {http://dx.doi.org/10.1109/MC.2009.263},
  langid = {english}
}

@article{lda2003,
    author = {M. Blei, David and Y. Ng, Andrew and Jordan, Michael},
    year = {2003},
    month = {05},
    pages = {993-1022},
    title = {Latent Dirichlet Allocation},
    volume = {3},
    journal = {Journal of Machine Learning Research},
    doi = {10.1162/jmlr.2003.3.4-5.993},
    langid = {english}
}

@inproceedings{Henderson2009,
 author = {Henderson, Keith and Eliassi-Rad, Tina},
 title = {Applying Latent Dirichlet Allocation to Group Discovery in Large Graphs},
 booktitle = {Proceedings of the 2009 ACM Symposium on Applied Computing},
 series = {SAC '09},
 year = {2009},
 isbn = {978-1-60558-166-8},
 location = {Honolulu, Hawaii},
 pages = {1456--1461},
 numpages = {6},
 url = {http://doi.acm.org/10.1145/1529282.1529607},
 doi = {10.1145/1529282.1529607},
 acmid = {1529607},
 publisher = {ACM},
 address = {New York, NY, USA},
 keywords = {graph mining, group discovery, latent dirichlet allocation, social network analysis},
 langid = {english}
}

@inproceedings{Endres2009,
  title={Unsupervised discovery of object classes from range data using latent Dirichlet allocation},
  author={Felix Endres and Christian Plagemann and Cyrill Stachniss and Wolfram Burgard},
  booktitle={Robotics: Science and Systems},
  year={2009},
  langid = {english}
}

@inbook{Lops2011,
  author = {Lops, Pasquale and de Gemmis, Marco and Semeraro, Giovanni},
  year = {2011},
  month = {01},
  pages = {73-105},
  title = {Content-based Recommender Systems: State of the Art and Trends},
  journal = {Recommender Systems Handbook},
  doi = {10.1007/978-0-387-85820-3_3},
  langid = {english}
}

@inproceedings{Liu2017,
 author = {Liu, David C. and Rogers, Stephanie and Shiau, Raymond and Kislyuk, Dmitry and Ma, Kevin C. and Zhong, Zhigang and Liu, Jenny and Jing, Yushi},
 title = {Related Pins at Pinterest: The Evolution of a Real-World Recommender System},
 booktitle = {Proceedings of the 26th International Conference on World Wide Web Companion},
 series = {WWW '17 Companion},
 year = {2017},
 isbn = {978-1-4503-4914-7},
 location = {Perth, Australia},
 pages = {583--592},
 numpages = {10},
 url = {https://doi.org/10.1145/3041021.3054202},
 doi = {10.1145/3041021.3054202},
 acmid = {3054202},
 publisher = {International World Wide Web Conferences Steering Committee},
 address = {Republic and Canton of Geneva, Switzerland},
 keywords = {engineering challenges, learning to rank, recommendation systems},
 langid = {english}
}

@inproceedings{Nalisnick2016,
 author = {Nalisnick, Eric and Mitra, Bhaskar and Craswell, Nick and Caruana, Rich},
 title = {Improving Document Ranking with Dual Word Embeddings},
 booktitle = {Proceedings of the 25th International Conference Companion on World Wide Web},
 series = {WWW '16 Companion},
 year = {2016},
 isbn = {978-1-4503-4144-8},
 location = {Montr\&\#233;al, Qu\&\#233;bec, Canada},
 pages = {83--84},
 numpages = {2},
 url = {https://doi.org/10.1145/2872518.2889361},
 doi = {10.1145/2872518.2889361},
 acmid = {2889361},
 publisher = {International World Wide Web Conferences Steering Committee},
 address = {Republic and Canton of Geneva, Switzerland},
 keywords = {document ranking, word embeddings, word2vec},
 langid = {english}
}

@inproceedings{Vasile2016,
 author = {Vasile, Flavian and Smirnova, Elena and Conneau, Alexis},
 title = {Meta-Prod2Vec: Product Embeddings Using Side-Information for Recommendation},
 booktitle = {Proceedings of the 10th ACM Conference on Recommender Systems},
 series = {RecSys '16},
 year = {2016},
 isbn = {978-1-4503-4035-9},
 location = {Boston, Massachusetts, USA},
 pages = {225--232},
 numpages = {8},
 url = {http://doi.acm.org/10.1145/2959100.2959160},
 doi = {10.1145/2959100.2959160},
 acmid = {2959160},
 publisher = {ACM},
 address = {New York, NY, USA},
 keywords = {embeddings, neural networks, recommender systems, word2vec},
 langid = {english}
}

@article{manotumruksa2016modelling,
  title={Modelling user preferences using word embeddings for context-aware venue recommendation},
  author={Manotumruksa, Jarana and Macdonald, Craig and Ounis, Iadh},
  journal={arXiv preprint arXiv:1606.07828},
  year={2016},
  langid = {english}
}

@inproceedings{Covington2016:DNN:2959100.2959190,
 author = {Covington, Paul and Adams, Jay and Sargin, Emre},
 title = {Deep Neural Networks for YouTube Recommendations},
 booktitle = {Proceedings of the 10th ACM Conference on Recommender Systems},
 series = {RecSys '16},
 year = {2016},
 isbn = {978-1-4503-4035-9},
 location = {Boston, Massachusetts, USA},
 pages = {191--198},
 numpages = {8},
 url = {http://doi.acm.org/10.1145/2959100.2959190},
 doi = {10.1145/2959100.2959190},
 acmid = {2959190},
 publisher = {ACM},
 address = {New York, NY, USA},
 keywords = {deep learning, recommender system, scalability},
 langid = {english}
} 

@inproceedings{cheng2017exploiting,
  title={Exploiting Music Play Sequence for Music Recommendation.},
  author={Cheng, Zhiyong and Shen, Jialie and Zhu, Lei and Kankanhalli, Mohan S and Nie, Liqiang},
  booktitle={IJCAI},
  volume={17},
  pages={3654--3660},
  year={2017},
  langid = {english}
}

